<record><leader>00000cas a2200000 a 4500</leader><controlfield tag="001">31750968</controlfield><controlfield tag="008">941229d19751976nmuwr ne      0    0eng c</controlfield><datafield ind1=" " ind2=" " tag="010"><subfield code="a">sn 94052401 </subfield></datafield><datafield ind1=" " ind2=" " tag="040"><subfield code="a">CUY</subfield><subfield code="b">eng</subfield><subfield code="c">CNK</subfield><subfield code="d">OCLCQ</subfield><subfield code="d">NYS</subfield><subfield code="d">OCLCQ</subfield><subfield code="d">OCLCF</subfield><subfield code="d">OCLCO</subfield></datafield><datafield ind1="1" ind2=" " tag="029"><subfield code="a">AU@</subfield><subfield code="b">000011501135</subfield></datafield><datafield ind1=" " ind2=" " tag="042"><subfield code="a">pcc</subfield></datafield><datafield ind1=" " ind2=" " tag="043"><subfield code="a">n-us-nm</subfield></datafield><datafield ind1="0" ind2="0" tag="245"><subfield code="a">Seers.</subfield></datafield><datafield ind1=" " ind2=" " tag="260"><subfield code="a">Albuquerque, N.M. :</subfield><subfield code="b">[s.n.]</subfield></datafield><datafield ind1=" " ind2=" " tag="300"><subfield code="a">v.</subfield></datafield><datafield ind1=" " ind2=" " tag="310"><subfield code="a">Weekly,</subfield><subfield code="b">-Nov. 5-12, 1976</subfield></datafield><datafield ind1=" " ind2=" " tag="321"><subfield code="a">Biweekly,</subfield><subfield code="b">&lt;June 18-July 2, 1976&gt;-</subfield></datafield><datafield ind1="0" ind2=" " tag="362"><subfield code="a">Vol. 4, no. 23 (Nov. 1/14, 1975-v. 5, no. 26 (Nov 5-12, 1976).</subfield></datafield><datafield ind1=" " ind2=" " tag="530"><subfield code="a">Available on microfilm from UMI (Underground Newspaper/Press Collection).</subfield></datafield><datafield ind1=" " ind2="0" tag="650"><subfield code="a">Underground press publications</subfield><subfield code="z">New Mexico</subfield><subfield code="z">Albuquerque.</subfield></datafield><datafield ind1=" " ind2="0" tag="651"><subfield code="a">Albuquerque (N.M.)</subfield><subfield code="v">Newspapers.</subfield></datafield><datafield ind1=" " ind2="0" tag="651"><subfield code="a">Bernalillo County (N.M.)</subfield><subfield code="v">Newspapers.</subfield></datafield><datafield ind1=" " ind2="7" tag="655"><subfield code="a">Newspapers.</subfield><subfield code="2">fast</subfield><subfield code="0">(OCoLC)fst01423814</subfield></datafield><datafield ind1=" " ind2="7" tag="650"><subfield code="a">Underground press publications.</subfield><subfield code="2">fast</subfield><subfield code="0">(OCoLC)fst01160984</subfield></datafield><datafield ind1=" " ind2="7" tag="651"><subfield code="a">New Mexico</subfield><subfield code="z">Albuquerque.</subfield><subfield code="2">fast</subfield><subfield code="0">(OCoLC)fst01205799</subfield></datafield><datafield ind1=" " ind2="7" tag="651"><subfield code="a">New Mexico</subfield><subfield code="z">Bernalillo County.</subfield><subfield code="2">fast</subfield><subfield code="0">(OCoLC)fst01218455</subfield></datafield><datafield ind1=" " ind2=" " tag="752"><subfield code="a">United States</subfield><subfield code="b">New Mexico</subfield><subfield code="c">Bernalillo</subfield><subfield code="d">Albuquerque.</subfield></datafield><datafield ind1="0" ind2="0" tag="780"><subfield code="t">Seers catalogue</subfield><subfield code="w">(DLC)sn 95070600</subfield><subfield code="w">(OCoLC)17762993</subfield></datafield><datafield ind1="0" ind2="0" tag="785"><subfield code="t">Seers Rio Grande weekly</subfield><subfield code="w">(DLC)sn 94052402</subfield><subfield code="w">(OCoLC)31750969</subfield></datafield></record>